
@inproceedings{takeuchi20063,
	title={A 3-D scan matching using improved 3-D normal distributions transform for mobile robotic mapping},
	author={Takeuchi, Eijiro and Tsubouchi, Takashi},
	booktitle={2006 IEEE/RSJ International Conference on Intelligent Robots and Systems},
	pages={3068--3073},
	year={2006},
	organization={IEEE}
}

@inproceedings{merfels2016pose,
	title={Pose Fusion with Chain Pose Graphs for Automated Driving},
	author={Merfels, Christian and Stachniss, Cyrill},
	booktitle={Proc. of the IEEE/RSJ Int. Conf. on Intelligent Robots and Systems (IROS)},
	year={2016}
}

@article{chang2011libsvm,
	title={LIBSVM: a library for support vector machines},
	author={Chang, Chih-Chung and Lin, Chih-Jen},
	journal={ACM Transactions on Intelligent Systems and Technology (TIST)},
	volume={2},
	number={3},
	pages={27},
	year={2011},
	publisher={ACM}
}

@misc{lanedetection,
	title = {Eric Gonzalez's lane-detection using the hough transformation in OpenCV},
	howpublished = {\url{https://github.com/Eric-Gonzalez/lane-detection}},
}

@misc{carcv,
	title = {Funningboy's carCV using OpenCV},
	howpublished = {\url{https://github.com/funningboy/carCV}},
}

@article{badrinarayanan2015segnet2,
	title={SegNet: A Deep Convolutional Encoder-Decoder Architecture for Robust Semantic Pixel-Wise Labelling},
	author={Badrinarayanan, Vijay and Handa, Ankur, and Cipolla, Roberto},
	journal={arXiv preprint arXiv:1505.07293},
	year={2015}
}

@misc{segnet,
	title = {SegNet: A Deep Convolutional Encoder-Decoder Architecture for Robust Semantic Pixel-Wise Labelling},
	howpublished = {\url{http://mi.eng.cam.ac.uk/projects/segnet/}},
}

@inproceedings{mandalia2005using,
	title={Using support vector machines for lane-change detection},
	author={Mandalia, Hiren M and Salvucci, Mandalia Dario D},
	booktitle={Proceedings of the Human Factors and Ergonomics Society Annual Meeting},
	volume={49},
	number={22},
	pages={1965--1969},
	year={2005},
	organization={SAGE Publications}
}

@article{pentland1999modeling,
	title={Modeling and prediction of human behavior},
	author={Pentland, Alex and Liu, Andrew},
	journal={Neural computation},
	volume={11},
	number={1},
	pages={229--242},
	year={1999},
	publisher={MIT Press}
}

@techreport{kuge2000driver,
	title={A driver behavior recognition method based on a driver model framework},
	author={Kuge, Nobuyuki and Yamamura, Tomohiro and Shimoyama, Osamu and Liu, Andrew},
	year={2000},
	institution={SAE Technical Paper}
}

@phdthesis{olsen2003modeling,
	title={Modeling slow lead vehicle lane changing},
	author={Olsen, Erik CB},
	year={2003},
	school={Virginia Polytechnic Institute and State University}
}

@inproceedings{salvucci2004inferring,
	title={Inferring driver intent: A case study in lane-change detection},
	author={Salvucci, Dario D},
	booktitle={Proceedings of the Human Factors and Ergonomics Society Annual Meeting},
	volume={48},
	number={19},
	pages={2228--2231},
	year={2004},
	organization={SAGE Publications}
}